<?xml version="1.0" encoding="UTF-8"?><collection xmlns="http://www.loc.gov/MARC21/slim"><record><leader>00413nam--2200133-i-4500</leader><controlfield tag="001">000027683</controlfield><controlfield tag="002">20161230</controlfield><controlfield tag="005">20161230201036</controlfield><controlfield tag="008">060222s1000------------r-----000-0-eng-d</controlfield><datafield ind1=" " ind2=" " tag="100"><subfield code="a">Kirmse, Wolfgang</subfield></datafield><datafield ind1=" " ind2=" " tag="245"><subfield code="a">Carbene chemistry. with contribution by h.m. frey, p.p. gaspar, g.s. hammond</subfield></datafield><datafield ind1=" " ind2=" " tag="260"><subfield code="a">New York, Academic Press, 1964. Viii+302p</subfield></datafield><datafield ind1=" " ind2=" " tag="490"><subfield code="a">Organic Chemistry. A Series Of Monographs</subfield></datafield><datafield ind1=" " ind2=" " tag="852"><subfield code="a">21865</subfield></datafield></record></collection>